<record><leader>00000cas a2200000 a 4500</leader><controlfield tag="001">31905287</controlfield><controlfield tag="008">950130d18671868iluwr ne      0   a0eng  </controlfield><datafield ind1=" " ind2=" " tag="010"><subfield code="a">   95650451 </subfield></datafield><datafield ind1=" " ind2=" " tag="040"><subfield code="a">DLC</subfield><subfield code="b">eng</subfield><subfield code="c">DLC</subfield><subfield code="d">OCLCQ</subfield><subfield code="d">OCLCO</subfield><subfield code="d">NVF</subfield><subfield code="d">OCLCF</subfield><subfield code="d">OCLCO</subfield><subfield code="d">NVF</subfield><subfield code="d">OCLCO</subfield><subfield code="d">NVF</subfield><subfield code="d">OCLCO</subfield></datafield><datafield ind1=" " ind2=" " tag="012"><subfield code="i">9502</subfield></datafield><datafield ind1="1" ind2=" " tag="029"><subfield code="a">AU@</subfield><subfield code="b">000011515095</subfield></datafield><datafield ind1=" " ind2=" " tag="042"><subfield code="a">pcc</subfield></datafield><datafield ind1=" " ind2=" " tag="043"><subfield code="a">n-us-il</subfield></datafield><datafield ind1="0" ind2="0" tag="050"><subfield code="a">BF1001</subfield><subfield code="b">.S766</subfield></datafield><datafield ind1="0" ind2="4" tag="245"><subfield code="a">The spiritual republic.</subfield></datafield><datafield ind1=" " ind2=" " tag="260"><subfield code="a">Chicago, Ill. :</subfield><subfield code="b">Religio-Philosophical Pub. Association,</subfield><subfield code="c">1867-1868.</subfield></datafield><datafield ind1="3" ind2=" " tag="260"><subfield code="3">Mar. 16, 1867-&lt;June 29, 1867&gt;</subfield><subfield code="a">Chicago, Ill. :</subfield><subfield code="b">Central Pub. House</subfield></datafield><datafield ind1=" " ind2=" " tag="300"><subfield code="a">volumes :</subfield><subfield code="b">illustrations ;</subfield><subfield code="c">36 cm.</subfield></datafield><datafield ind1=" " ind2=" " tag="310"><subfield code="a">Weekly</subfield></datafield><datafield ind1="0" ind2=" " tag="362"><subfield code="a">Vol. 1, no. 1 (Jan. 5, 1867)-</subfield></datafield><datafield ind1="1" ind2=" " tag="362"><subfield code="a">Ceased with v. 2, no. 6 issue in 1867?</subfield></datafield><datafield ind1=" " ind2=" " tag="500"><subfield code="a">Under masthead: "Devoted to radical reform."</subfield></datafield><datafield ind1=" " ind2=" " tag="500"><subfield code="a">"No question of general human well-being is foreign to the spirit, idea, or genius of the great Spiritual Movement."</subfield></datafield><datafield ind1=" " ind2=" " tag="588"><subfield code="a">Latest issue consulted: Vol. 1, no. 26 (June 29, 1867).</subfield></datafield><datafield ind1=" " ind2="0" tag="650"><subfield code="a">Spiritualism</subfield><subfield code="v">Newspapers.</subfield></datafield><datafield ind1=" " ind2="0" tag="650"><subfield code="a">Equality</subfield><subfield code="v">Newspapers.</subfield></datafield><datafield ind1=" " ind2="7" tag="650"><subfield code="a">Equality.</subfield><subfield code="2">fast</subfield><subfield code="0">(OCoLC)fst00914456</subfield></datafield><datafield ind1=" " ind2="7" tag="650"><subfield code="a">Spiritualism.</subfield><subfield code="2">fast</subfield><subfield code="0">(OCoLC)fst01130170</subfield></datafield><datafield ind1=" " ind2="7" tag="655"><subfield code="a">Newspapers.</subfield><subfield code="2">fast</subfield><subfield code="0">(OCoLC)fst01423814</subfield></datafield><datafield ind1="2" ind2=" " tag="710"><subfield code="a">Harry Houdini Collection (Library of Congress)</subfield></datafield><datafield ind1="2" ind2=" " tag="710"><subfield code="a">Religio-Philosophical Publishing Association,</subfield><subfield code="k">Newspapers.</subfield><subfield code="e">publisher.</subfield></datafield><datafield ind1=" " ind2=" " tag="752"><subfield code="a">United States</subfield><subfield code="b">Ilinois</subfield><subfield code="c">Cook County</subfield><subfield code="d">Chicago.</subfield></datafield><datafield ind1=" " ind2=" " tag="850"><subfield code="a">DLC</subfield></datafield></record>